<collection xmlns="http://www.loc.gov/MARC21/slim">
<record>
  <leader>01608nam0a2200325 i 450 </leader>
  <controlfield tag="001">IT\ICCU\CNCE\014260</controlfield>
  <controlfield tag="005">20150306000000.0</controlfield>
  <datafield tag="012" ind1=" " ind2=" ">
    <subfield code="a">nemo o-,&amp; ,&amp;sa meti (C) 1534 (R)</subfield>
    <subfield code="2">fei</subfield>
  </datafield>
  <datafield tag="100" ind1=" " ind2=" ">
    <subfield code="a">19970101d1534        0itac0103    ba</subfield>
  </datafield>
  <datafield tag="101" ind1=" " ind2=" ">
    <subfield code="a">ITA</subfield>
  </datafield>
  <datafield tag="102" ind1=" " ind2=" ">
    <subfield code="a">IT</subfield>
  </datafield>
  <datafield tag="200" ind1="1" ind2=" ">
    <subfield code="a">Pratica de li sacramenti, &amp; incidentemente vn poco del Purgatorio, &amp; de la fede &amp; de le opere</subfield>
  </datafield>
  <datafield tag="210" ind1=" " ind2=" ">
    <subfield code="a">In Vinegia</subfield>
    <subfield code="c">per Stephano da Sabio</subfield>
    <subfield code="d">1534</subfield>
    <subfield code="e">Stampato in Vinegia</subfield>
    <subfield code="g">per maestro Stephano da Sabio</subfield>
    <subfield code="h">1534 nel mese di decembre</subfield>
  </datafield>
  <datafield tag="215" ind1=" " ind2=" ">
    <subfield code="a">\38! c.</subfield>
    <subfield code="d">8ʻ</subfield>
  </datafield>
  <datafield tag="620" ind1=" " ind2=" ">
    <subfield code="a">IT</subfield>
    <subfield code="d">Venezia</subfield>
  </datafield>
  <datafield tag="700" ind1=" " ind2="1">
    <subfield code="a">Crispolti,</subfield>
    <subfield code="b">Tullio</subfield>
    <subfield code="3">IT\ICCU\CNCA\003582</subfield>
  </datafield>
  <datafield tag="712" ind1="0" ind2="0">
    <subfield code="a">Nicolini da Sabbio, Stefano</subfield>
    <subfield code="3">IT\ICCU\CNCT\000217</subfield>
    <subfield code="4">650</subfield>
  </datafield>
  <datafield tag="790" ind1=" " ind2="1">
    <subfield code="a">Crispoldo,</subfield>
    <subfield code="b">Tullio</subfield>
    <subfield code="3">IT\ICCU\CNCA\010136</subfield>
    <subfield code="z">Crispolti, Tullio</subfield>
  </datafield>
  <datafield tag="790" ind1=" " ind2="1">
    <subfield code="a">Crispolti Gaetani,</subfield>
    <subfield code="b">Tullio</subfield>
    <subfield code="3">IT\ICCU\CNCA\013868</subfield>
    <subfield code="z">Crispolti, Tullio</subfield>
  </datafield>
  <datafield tag="791" ind1="0" ind2="0">
    <subfield code="a">Sabiensis, Stephanus</subfield>
    <subfield code="3">IT\ICCU\CNCT\002440</subfield>
    <subfield code="z">Nicolini da Sabbio, Stefano</subfield>
  </datafield>
  <datafield tag="791" ind1="0" ind2="0">
    <subfield code="a">Sabio, Stephanus a</subfield>
    <subfield code="3">IT\ICCU\CNCT\002441</subfield>
    <subfield code="z">Nicolini da Sabbio, Stefano</subfield>
  </datafield>
  <datafield tag="791" ind1="0" ind2="0">
    <subfield code="a">Nicolini, Stefano</subfield>
    <subfield code="3">IT\ICCU\CNCT\005125</subfield>
    <subfield code="z">Nicolini da Sabbio, Stefano</subfield>
  </datafield>
  <datafield tag="791" ind1="0" ind2="0">
    <subfield code="a">Nicolinus Sabiensis, Stephanus</subfield>
    <subfield code="3">IT\ICCU\CNCT\005126</subfield>
    <subfield code="z">Nicolini da Sabbio, Stefano</subfield>
  </datafield>
  <datafield tag="801" ind1=" " ind2="3">
    <subfield code="a">IT</subfield>
    <subfield code="b">ICCU</subfield>
    <subfield code="c">20201114</subfield>
  </datafield>
  <datafield tag="899" ind1=" " ind2=" ">
    <subfield code="a">Biblioteca Apostolica Vaticana. Citt ̉del Vaticano</subfield>
    <subfield code="1">EX0001</subfield>
    <subfield code="2">ZCV 01</subfield>
  </datafield>
  <datafield tag="899" ind1=" " ind2=" ">
    <subfield code="a">Biblioteca Palatina. Parma</subfield>
    <subfield code="1">PR0072</subfield>
    <subfield code="2">PAR PA</subfield>
  </datafield>
  <datafield tag="899" ind1=" " ind2=" ">
    <subfield code="a">Biblioteca Maldotti. Guastalla</subfield>
    <subfield code="1">RE0036</subfield>
    <subfield code="2">REA MA</subfield>
  </datafield>
  <datafield tag="899" ind1=" " ind2=" ">
    <subfield code="a">Biblioteca Angelica. Roma</subfield>
    <subfield code="1">RM0290</subfield>
    <subfield code="2">RML 06</subfield>
  </datafield>
  <datafield tag="899" ind1=" " ind2=" ">
    <subfield code="a">Biblioteca Casanatense. Roma</subfield>
    <subfield code="1">RM0313</subfield>
    <subfield code="2">RML 07</subfield>
  </datafield>
  <datafield tag="899" ind1=" " ind2=" ">
    <subfield code="a">Biblioteca Querini Stampalia. Venezia</subfield>
    <subfield code="z">MUTILO</subfield>
    <subfield code="1">VE0047</subfield>
    <subfield code="2">VEA QS</subfield>
  </datafield>
</record>
</collection>
